<?xml version="1.0" encoding="UTF-8"?><collection xmlns="http://www.loc.gov/MARC21/slim"><record><leader>00543nam--2200193-i-4500</leader><controlfield tag="001">000040157</controlfield><controlfield tag="002">20161230</controlfield><controlfield tag="005">20161230201042</controlfield><controlfield tag="008">060222s1000------------r-----000-0-rum-d</controlfield><datafield ind1=" " ind2=" " tag="040"><subfield code="a">IFIN-HH</subfield></datafield><datafield ind1=" " ind2=" " tag="041"><subfield code="a">rum</subfield></datafield><datafield ind1=" " ind2=" " tag="080"><subfield code="a">536.42:536.75</subfield></datafield><datafield ind1="1" ind2=" " tag="100"><subfield code="a">Georgescu, Adelina</subfield></datafield><datafield ind1="1" ind2="0" tag="245"><subfield code="a">Sinergetca - o noua sinteza a stiintei</subfield><subfield code="c">Adelina georgescu</subfield></datafield><datafield ind1=" " ind2=" " tag="260"><subfield code="a">Bucuresti</subfield><subfield code="b">Editura Tehnica</subfield><subfield code="c">1987</subfield></datafield><datafield ind1=" " ind2=" " tag="300"><subfield code="a">147P</subfield></datafield><datafield ind1=" " ind2=" " tag="490"><subfield code="a">Colectia Stiinta Si Tehnica Pentru Toti. Seria Tehnica La Zi</subfield></datafield><datafield ind1=" " ind2=" " tag="852"><subfield code="a">73958</subfield><subfield code="c">53</subfield></datafield><datafield ind1=" " ind2=" " tag="CAT"><subfield code="a">Sys</subfield><subfield code="c">20150811</subfield><subfield code="h">110110</subfield></datafield></record></collection>